@InProceedings{Lee2006,
    author = {Lee, Su-In and Lee, Honglak and Abbeel, Peter and Ng, Andrew N.},
    title = {Efficient L1 Regularized Logistic Regression},
    booktitle = {The Twenty-First National Conference on Artificial Intelligence and the Eighteenth Innovative Applications of Artificial Intelligence Conference},
    month = jan,
    year = 2006,
}